@article{Blalock2020,
  author       = {Blalock, Davis and Ortiz, Jose Javier Gonzalez and Frankle, Jonathan and Guttag, John},
  title        = {What is the State of Neural Network Pruning?},
  journal      = {Proceedings of the Machine Learning and Systems Conference (MLSys)},
  volume       = {3},
  pages        = {129--146},
  year         = {2020}
}

@article{Catalan2025,
  author       = {Catal{\'a}n, Izan and Flich, Jos{\'e} and Hern{\'a}ndez, Carlos},
  title        = {Exploiting Neural Networks’ Bit-Level Redundancy to Mitigate the Impact of Faults at Inference},
  journal      = {Journal of Supercomputing},
  volume       = {81},
  year         = {2025}
}

@INPROCEEDINGS{carreira2017quo,
  author    = {Carreira, Joao and Zisserman, Andrew},
  title     = {Quo Vadis, Action Recognition? A New Model and the Kinetics Dataset},
  booktitle = {Proceedings of the IEEE Conference on Computer Vision and Pattern Recognition (CVPR)},
  year      = {2017}
}

@INPROCEEDINGS{deng2009imagenet,
   author       = "Deng, J. and Dong, W. and Socher, R. and Li, L. J. and Li, K. and Fei-Fei, L.",
   title        = "ImageNet: A Large-Scale Hierarchical Image Database",
   booktitle    = "Proc. IEEE CVPR",
   year         = "2009",
   pages        = "248--255"
}

@ARTICLE{dosovitskiy2020image,
  author    = {Dosovitskiy, Alexey et al.},
  title     = {An Image is Worth 16x16 Words: Transformers for Image Recognition at Scale},
  journal   = {arXiv preprint arXiv:2010.11929},
  year      = {2020},
  eprint    = {2010.11929}
}

@ARTICLE{Han2015,
  author    = {Han, Song and Pool, Jeff and Tran, John and Dally, William},
  title     = {Deep Compression: Compressing Deep Neural Networks with Pruning, Trained Quantization and Huffman Coding},
  journal   = {arXiv preprint arXiv:1510.00149},
  year      = {2015}
}

@ARTICLE{Han2016,
  author    = {Han, Song and Mao, Huizi and Dally, William J.},
  title     = {Deep Compression: Compressing Deep Neural Networks with Pruning, Trained Quantization and Huffman Coding},
  journal   = {Proc. ICLR},
  year      = {2016}
}

@INPROCEEDINGS{he2016deep,
  author    = {He, Kaiming and Zhang, Xiangyu and Ren, Shaoqing and Sun, Jian},
  title     = {Deep Residual Learning for Image Recognition},
  booktitle = {Proceedings of the IEEE Conference on Computer Vision and Pattern Recognition (CVPR)},
  year      = {2016},
  pages     = {770--778}
}

@INPROCEEDINGS{howard2017mobilenet,
   author       = {Howard, A. G. et al.},
   title        = {MobileNets: Efficient Convolutional Neural Networks for Mobile Vision Applications},
   booktitle    = {Proc. IEEE CVPR},
   year         = {2017},
   pages        = {7263--7271}
}

@INPROCEEDINGS{Li2017,
  author    = {Li, Hao and Kadav, Asim and Durdanovic, Igor and Samet, Hanan and Graf, Hans Peter},
  title     = {Pruning Filters for Efficient ConvNets},
  booktitle = {Proc. ICLR},
  pages     = {1--13},
  year      = {2016}
}

@ARTICLE{mcculloch1943logical,
   title         = {A Logical Calculus of the Ideas Immanent in Nervous Activity},
   author        = {McCulloch, W. S. and Pitts, W.},
   journal       = {Bulletin of Mathematical Biophysics},
   volume        = {5},
   number        = {4},
   pages         = {115--133},
   year          = {1943}
}

@TECHREPORT{NASA_AI_Space,
  author       = {{NASA}},
  title        = {Artificial Intelligence for Space Missions},
  institution  = {National Aeronautics and Space Administration},
  year         = {2020},
  type         = {White Paper},
  note         = {Accessed: 2025-04-15},
  url          = {https://www.nasa.gov}
}

@misc{NASAArtemis,
  author       = {NASA},
  title        = {Artemis and the Lunar Gateway},
  howpublished = {\url{https://www.nasa.gov/specials/artemis}},
  year         = {2020},
  note         = {Accessed: 2025-04-15}
}

@misc{NASAPerseverance,
  author       = {NASA},
  title        = {NASA Perseverance Mars Rover},
  howpublished = {\url{https://mars.nasa.gov/mars2020/}},
  year         = {2020},
  note         = {Accessed: 2025-04-15}
}

@inproceedings{Nazemi2021,
  author    = {Nazemi, Mahdi and Smith, Alice and Lee, Benjamin},
  title     = {HKDP: A Hybrid Approach on Knowledge Distillation and Pruning},
  booktitle = {2021 11th International Conference on Computer and Knowledge Engineering (ICCKE)},
  year      = {2021},
  pages     = {151--156},
  publisher = {IEEE},
  doi       = {10.1109/ICCKE52977.2021.9648737}
}


@INPROCEEDINGS{redmon2016you,
   author       = {Redmon, Joseph and Divvala, Santosh and Girshick, Ross and Farhadi, Ali},
   title        = {You Only Look Once: Unified, Real-Time Object Detection},
   booktitle    = {Proc. IEEE CVPR},
   year         = {2016},
   pages        = {779--788}
}

@INPROCEEDINGS{ronneberger2015u,
  author    = {Ronneberger, Olaf and Fischer, Philipp and Brox, Thomas},
  title     = {U-Net: Convolutional Networks for Biomedical Image Segmentation},
  booktitle = {International Conference on Medical Image Computing and Computer-Assisted Intervention (MICCAI)},
  year      = {2015},
  pages     = {234--241},
  publisher = {Springer}
}

@ARTICLE{Souvatzoglou2024,
  author    = {Souvatzoglou, Ioanna and Papadimitriou, Athanasios and Sari, Aitzan and Vlagkoulis, Vasileios and Psarakis, Mihalis},
  title     = {Analyzing the Single Event Upset Vulnerability of Binarized Neural Networks on SRAM FPGAs},
  journal   = {arXiv preprint arXiv:2404.01757},
  year      = {2024},
  url       = {https://arxiv.org/abs/2404.01757}
}

@ARTICLE{Srivastava2014,
  author    = {Srivastava, Nitish and Hinton, Geoffrey and Krizhevsky, Alex and Sutskever, Ilya and Salakhutdinov, Ruslan},
  title     = {Dropout: A Simple Way to Prevent Neural Networks from Overfitting},
  journal   = {Journal of Machine Learning Research},
  volume    = {15},
  number    = {1},
  pages     = {1929--1958},
  year      = {2014}
}

@misc{Tianwen1,
  author       = {{China National Space Administration (CNSA)}},
  title        = {Tianwen-1: China’s First Mars Mission},
  howpublished = {\url{http://www.cnsa.gov.cn/}},
  year         = {2020},
  note         = {Accessed: 2025-04-15}
}

@article{venables2003enhancing,
  author    = {Venables, A. and Summit, R.},
  title     = {Enhancing scientific essay writing using peer assessment},
  journal   = {Innovations in Education and Teaching International},
  year      = {2003},
  volume    = {40},
  number    = {3},
  pages     = {281--290}
}

@misc{Lauretta2017,
  author       = {Lauretta, D. S. and others},
  title        = {OSIRIS-REx: Sample Return Mission to Asteroid Bennu},
  howpublished = {\url{https://www.nasa.gov/osiris-rex}},
  year         = {2017},
  note         = {Accessed: 2025-04-15}
}

@misc{ESAHera,
  author       = {European Space Agency (ESA)},
  title        = {ESA Hera Mission – A Key Reference for Planetary Defense},
  howpublished = {\url{https://www.esa.int/Science_Exploration/Hera}},
  year         = {2022},
  note         = {Accessed: 2025-04-15}
}

@article{Zhang2022,
  author    = {W. Zhang and Y. Liu and M. Ray},
  title     = {Real-Time Computer Vision for Space Robotics: Challenges and Solutions},
  journal   = {IEEE Transactions on Aerospace and Electronic Systems},
  volume    = {58},
  number    = {3},
  pages     = {1234--1245},
  year      = {2022}
}

@misc{gr740,
  author       = {European Space Agency},
  title        = {GR740 Space Processor},
  howpublished = {\url{https://www.esa.int/GR740}},
  year         = {2018},
  note         = {Accessed: 2025-04-15}
}

@misc{leon34,
  author       = {Cobham Gaisler},
  title        = {LEON3/LEON4 Processors},
  howpublished = {\url{https://www.gaisler.com/}},
  year         = {2018},
  note         = {Accessed: 2025-04-15}
}

@misc{rad750,
  author       = {BAE Systems},
  title        = {RAD750 Radiation-Hardened Processor},
  howpublished = {\url{https://www.bae-systems.com/space/rad750}},
  year         = {2017},
  note         = {Accessed: 2025-04-15}
}
@INPROCEEDINGS{raina2009large,
  author       = {Raina, R. and Madhavan, A. and Ng, A. Y.},
  title        = {Large-Scale Deep Unsupervised Learning Using Graphics Processors},
  booktitle    = {Proc. ICML},
  year         = {2009},
  pages        = {873--880}
}

@ARTICLE{nair2010rectified,
  title        = {Rectified Linear Units Improve Restricted Boltzmann Machines},
  author       = {Nair, V. and Hinton, G. E.},
  journal      = {Proc. ICML},
  pages        = {807--814},
  year         = {2010}
}

@inproceedings{Goldstein2020,
  author       = {Goldstein, Brian F. and Srinivasan, Sai and Das, Debmalya and Banerjee, Kishore and Santiago, Louis C. and Ferreira, Vitor C. and others},
  title        = {Reliability Evaluation of Compressed Deep Learning Models},
  booktitle    = {Proc. IEEE Latin American Symposium on Circuits and Systems (LASCAS)},
  year         = {2020}
}
@inproceedings{glorot2010understanding,
  title        = {Understanding the Difficulty of Training Deep Feedforward Neural Networks},
  author       = {Xavier Glorot and Yoshua Bengio},
  booktitle    = {Proceedings of the 13th International Conference on Artificial Intelligence and Statistics},
  pages        = {249--256},
  year         = {2010},
  organization = {JMLR Workshop and Conference Proceedings}
}
